@Manual{posix2008,
  title =        {IEEE Std 1003.1-2008},
  organization = {The IEEE and The Open Group},
  year =         {2008},
  OPTkey =       {},
  OPTvolume =    {},
  OPTnumber =    {},
  OPTseries =    {},
  OPTaddress =   {},
  OPTedition =   {},
  OPTmonth =     {},
  note =      {http://pubs.opengroup.org/onlinepubs/9699919799/},
  OPTannote =    {}
}




@Manual{dds2007,
  title =        {Data Distribution Service for Real-time Systems},
  organization = {The Object Management Group},
  edition =   {1.2},
  month =     {January},
  year =      {2007},
  note =      {http://www.omg.org/spec/DDS/1.2/},
  OPTannote =    {}
}
 @inproceedings{Quigley09,
   author="Morgan Quigley and Brian Gerkey and Ken Conley and Josh Faust and Tully Foote and Jeremy Leibs and Eric Berger and Rob Wheeler and Andrew Ng",
   title="ROS: an open-source Robot Operating System",
   booktitle="Proc. of the IEEE Intl. Conf. on Robotics and Automation (ICRA) Workshop on Open Source Robotics",
   month = may,
   year=2009,
   address="Kobe, Japan"
}


@Misc{aware2,
  author =    {{iRobot Corporation}},
  title =     {Aware 2.0},
  note =      {http://www.irobot.com/gi/developers/Aware/},
}

@Misc{msrobotics,
  author =    {{Microsoft Corporation}},
  title =     {Microsoft Robotics Studio},
  note =      {http://www.microsoft.com/robotics/}
}



@conference{dantam2011chess,
  title={The Motion Grammar for Physical Human-Robot Games},
  author={Dantam, N. and Kolhe, P. and Stilman, M.},
  booktitle={IEEE Intl. Conf. on Robotics and Automation},
  year={2011},
  organization={IEEE}
}


@conference{dantam2011yama,
  title={The Motion Grammar: Linguistic Planning and Control},
  author={Dantam, N. and Stilman, M.},
  booktitle={Robotics: Science and Systems},
  year={2011},
  organization={IEEE}
}


@article{dantam2013tro,
  title={The Motion Grammar: Analysis of a Linguistic Method for Robot Control (accepted)},
  author={Dantam, N. and Stilman, M.},
  journal={Trans. on Robotics},
  year={2012},
  organization={IEEE}
}


@article{scheifler1987x,
  title={X Window system protocol, version 11},
  author={Scheifler, R.W. and Carver, D. and Gerovac, B. and Gettys, J. and Karlton, P. and McGregor, S. and Rao, R. and Sun, D.R. and Winchell, D. and Angebranndt, S. and others},
  journal={Network Working Group RFC},
  volume={1013},
  year={1987}
}

@inproceedings{stilman2010golem,
  title={Golem krang: Dynamically stable humanoid robot for mobile manipulation},
  author={Stilman, M. and Olson, J. and Gloss, W.},
  booktitle={Robotics and Automation (ICRA), 2010 IEEE International Conference on},
  pages={3304--3309},
  year={2010},
  organization={IEEE}
}


@book{holtzman2004spin,
  title={The Spin Model Checker},
  author={Holtzman, G.J.},
  year={2004},
  publisher={Addison Wesley, Boston, MA}
}

@article{dijkstra1975guarded,
  title={Guarded commands, nondeterminacy and formal derivation of programs},
  author={Dijkstra, E.W.},
  journal={Communications of the ACM},
  volume={18},
  number={8},
  pages={453--457},
  year={1975},
  publisher={ACM}
}

@article{hoare1978communicating,
  title={Communicating sequential processes},
  author={Hoare, C.A.R.},
  journal={Communications of the ACM},
  volume={21},
  number={8},
  pages={666--677},
  year={1978},
  publisher={ACM}
}


@Book{apue,
  author =    {Stevens, W. Richard and Rago, Stephen A.},
  title =        {Advanced Programming in the UNIX Environment},
  publisher={Addison Wesley, Boston, MA},
  year =         2005,
  edition =   2}

@inproceedings{ag√ºero2010behavior,
  title={Behavior-based Iterative Component Architecture for soccer applications with the Nao humanoid},
  author={Ag{\"u}ero, C.E. and Ca{\~n}as, J.M. and Mart{\'i}n, F. and Perdices, E.},
  booktitle={5th Workshop on Humanoids Soccer Robots. Nashville, TN, USA},
  year=2010
}

@Misc{linuxaiosf,
  OPTkey =       {},
  OPTauthor =    {},
  title =     {Kernel Asynchronous I/O (AIO) Support for Linux},
  OPThowpublished = {},
  OPTmonth =     {},
  OPTyear =      {},
  note =      {http://lse.sourceforge.net/io/aio.html},
  OPTannote =    {}
}

@inproceedings{Cricketal2011isrr,
  author = {Christopher Crick AND Graylin Trevor Jay AND Sarah Osentoski AND Benjamin Pitzer AND Odest Chadwicke Jenkins},
  TITLE = {rosbridge: ROS for Non-ROS Users},
  BOOKTITLE = {International Symposium on Robotics Research (ISRR 2011)},
  YEAR = {2011},
  ADDRESS = {Flagstaff, AZ, USA},
  MONTH = {August}
}


@book{baier2008principles,
  title={Principles of Model Checking},
  author={Baier, C. and Katoen, J.P. and others},
  year={2008},
  publisher={MIT Press, Cambridge, MA}
}

@Misc{cooke2003bip,
  author =    {Cooke, Simon},
  title =     {The Bip Buffer - The Circular Buffer with a Twist},
  month =     {May},
  year =      {2003},
  note = {http://www.codeproject.com/KB/IP/bipbuffer.aspx}
}

@inproceedings{lee2009lock,
  title={A lock-free, cache-efficient shared ring buffer for multi-core architectures},
  author={Lee, P.P.C. and Bu, T. and Chandranmenon, G.},
  booktitle={Proceedings of the 5th ACM/IEEE Symposium on Architectures for Networking and Communications Systems},
  pages={78--79},
  year={2009},
  organization={ACM}
}

@book{gropp1999using,
  title={Using MPI: portable parallel programming with the message passing interface},
  author={Gropp, W. and Lusk, E. and Skjellum, A.},
  publisher={MIT Press, Cambridge, MA},
  year={1999}
}

@article{vinoski2006advanced,
  title={Advanced message queuing protocol},
  author={Vinoski, S.},
  journal={Internet Computing, IEEE},
  volume={10},
  number={6},
  pages={87--89},
  year={2006},
  publisher={IEEE}
}

@Manual{oncrpc,
  title =        {RPC: Remote Procedure Call Protocol Specification Version 2},
  author =    {Srinivasan, R.},
  organization = {Internet Engineering Task Force},
  month =     {August},
  year =      1995,
  note =      {http://www.ietf.org/rfc/rfc1831.txt}
}

@Manual{corba,
  title =        {Common Object Request Broker Architecture (CORBA/IIOP)},
  OPTkey =       {},
  OPTauthor =    {},
  organization = {The Object Management Group},
  OPTaddress =   {},
  edition =   {3.1.1},
  month =     {August},
  year =      {2011},
  note =      {http://www.omg.org/spec/CORBA/3.1.1/},
  OPTannote =    {}
}

@Manual{soap,
  title =        {Simple Object Access Protocol (SOAP)},
  OPTkey =       {},
  OPTauthor =    {},
  organization = {World Wide Web Consortium},
  OPTaddress =   {},
  edition =   {1.1},
  month =     {May},
  year =      {2000},
  note =      {http://www.w3.org/TR/soap/},
  OPTannote =    {}
}

@Manual{xmlrpc,
  title =        {XML-RPC Specification},
  author =    {Winer, Dave},
  organization = {UserLand Software},
  month =     {Jun},
  year =      1999,
  note =      {http://www.xmlrpc.com/spec}}


@Manual{zeromq,
  title = {$\mathit{\emptyset}$MQ: The Theoretical Foundation},
  author =  {Martin S{\'u}strik},
  year =  {2011},
  month = {July},
  note = {http://www.250bpm.com/concepts}
}

@inproceedings{bruyninckx2003real,
  title={The real-time motion control core of the Orocos project},
  author={Bruyninckx, H. and Soetens, P. and Koninckx, B.},
  booktitle={Robotics and Automation, 2003. Proceedings. ICRA'03. IEEE International Conference on},
  volume={2},
  pages={2766--2771},
  year={2003},
  organization={IEEE}
}

@inproceedings{shacham2011testing,
  title={Testing atomicity of composed concurrent operations},
  author={Shacham, O. and Bronson, N. and Aiken, A. and Sagiv, M. and Vechev, M. and Yahav, E.},
  booktitle={Proceedings of the 2011 ACM international conference on Object oriented programming systems languages and applications},
  pages={51--64},
  year={2011},
  organization={ACM}
}

@inproceedings{musuvathi2008finding,
  title={Finding and reproducing heisenbugs in concurrent programs},
  author={Musuvathi, M. and Qadeer, S. and Ball, T. and Basler, G. and Nainar, P.A. and Neamtiu, I.},
  booktitle={Proceedings of the 8th USENIX conference on Operating systems design and implementation},
  pages={267--280},
  year={2008},
  organization={USENIX Association}
}

@ARTICLE{jars_2012_psa_01,
  AUTHOR       = {M.~J. Powell and R.~W. Sinnet and A.~D. Ames},
  TITLE        = {3D Human-Inspired Robotic Walking: Optimization, Speed Regulation and Implementation},
  JOURNAL      = {Intl. J. of Adv. Robotic Systems},
  PUBLISHER    = {InTech},
  NOTE         = {Submitted Aug. 2012, available upon request},
  YEAR         = {2012}
}

@INPROCEEDINGS{Ames:NAO:2012,
  AUTHOR      = {A.~D. Ames and E.~A. Cousineau and M.~J. Powell},
  TITLE       = {Dynamically Stable Bipedal Robotic Walking with {NAO} via Human-Inspired Hybrid Zero Dynamics},
  BOOKTITLE   = {Hybrid Systems: Computation and Control},
  YEAR        = {2012},
  MONTH       = {April},
  PAGES       = {135--44},
  ADDRESS     = {Beijing},
}

@INPROCEEDINGS{Ames11,
 AUTHOR       = {A. D. Ames},
 TITLE        = {First Steps Toward Automatically Generating Bipedal Robotic Walking from Human Data},
 BOOKTITLE    = {Robotic Motion and Control 2011},
 YEAR         = {2012},
 PUBLISHER    = {Springer},
 VOLUME       = {422},
 SERIES       = {LNICS},
 PAGES        = {89-116},
}

@inproceedings{ando2005rt,
  title={RT-middleware: distributed component middleware for RT (robot technology)},
  author={Ando, N. and Suehiro, T. and Kitagaki, K. and Kotoku, T. and Yoon, W.K.},
  booktitle={Intelligent Robots and Systems, 2005.(IROS 2005). 2005 IEEE/RSJ International Conference on},
  pages={3933--3938},
  year={2005},
  organization={IEEE}
}



@INPROCEEDINGS{5686315,
author={Kim, J.H.},
booktitle={Humanoid Robots (Humanoids), 2010 10th IEEE-RAS International Conference on},
title={Motion planning of optimal throw for whole-body humanoid},
year={2010},
month={dec.},
}

@article{JooH2011438,
title = "Optimization of throwing motion planning for whole-body humanoid mechanism: Sidearm and maximum distance",
author = "Kim, Joo",
journal = "Mechanism and Machine Theory",
year = "2011",
}

@phdthesis{diankovThesis,
 author = "Rosen Diankov",
 title = "Automated Construction of Robotic Manipulation Programs",
 school = "Carnegie Mellon University, Robotics Institute",
 month = "August",
 year = "2010",
}

 @INPROCEEDINGS{100034,
author={Ying, Z.-Y. and Xi, Y.-G. and Zhang, Z.-H.},
booktitle={Robotics and Automation, 1989. Proceedings., 1989 IEEE International Conference on},
title={Test of the reachability of a robot to an object},
year={1989},
}

@incollection {springerlink:101007,
   author = {Xue, Zhixing and Dillmann, Ruediger},
   affiliation = {Forschungszentrum Informatik, Haid-und-Neu Str. 10-14, 76131 Karlsruhe, Germany},
   title = {Efficient Grasp Planning with Reachability Analysis},
   booktitle = {Intelligent Robotics and Applications},
   series = {Lecture Notes in Computer Science},
   editor = {Liu, Honghai and Ding, Han and Xiong, Zhenhua and Zhu, Xiangyang},
   publisher = {Springer Berlin / Heidelberg},
   year = {2010}
}

@INPROCEEDINGS{1570152,
author={ Geraerts, R. and Overmars, M.H.},
booktitle={Robotics and Automation, 2005. ICRA 2005. Proceedings of the 2005 IEEE International Conference on},
title={Reachability Analysis of Sampling Based Planners},
year={2005},
month={april},
}

@INPROCEEDINGS{509405,
author={Kato, N. and Matsuda, K. and Nakamura, T.},
booktitle={Advanced Motion Control, 1996. AMC '96-MIE. Proceedings., 1996 4th International Workshop on},
title={Adaptive control for a throwing motion of a 2 DOF robot},
year={1996},
month={mar},
}

@ARTICLE{Lynch97dynamicnonprehensile,
    author = {Kevin M. Lynch and Matthew T. Mason},
    title = {Dynamic Nonprehensile Manipulation: Controllability, Planning, and Experiments},
    journal = {International Journal of Robotics Research},
    year = {1997},
}

@INPROCEEDINGS{5152525,
author={Mori, W. and Ueda, J. and Ogasawara, T.},
booktitle={Robotics and Automation, 2009. ICRA '09. IEEE International Conference on},
title={1-DOF dynamic pitching robot that independently controls velocity, Angular velocity, and direction of a ball: Contact models and motion planning},
year={2009},
month={may},
}

@INPROCEEDINGS{509335,
author={Nakamura, T.},
booktitle={Advanced Motion Control, 1996. AMC '96-MIE. Proceedings., 1996 4th International Workshop on},
title={Search guided by skill in motion planning using dynamic programming },
year={1996},
month={mar},
}

@article {springerlink:10.1007/s10015-006-0401-0,
   author = {Sato, Asaji and Sato, Osamu and Takahashi, Nobuya and Kono, Michio},
   affiliation = {Miyakonojo National College of Technology Department of Mechanical Engineering 473-1 Yoshio Miyakonojo 885-8567 Japan 473-1 Yoshio Miyakonojo 885-8567 Japan},
   title = {Trajectory for saving energy of a direct-drive manipulator in throwing motion},
   journal = {Artificial Life and Robotics},
   publisher = {Springer Japan},
   year = {2007}
}

@INPROCEEDINGS{4651142,
author={Senoo, T. and Namiki, A. and Ishikawa, M.},
booktitle={Intelligent Robots and Systems, 2008. IROS 2008. IEEE/RSJ International Conference on},
title={High-speed throwing motion based on kinetic chain approach},
year={2008},
month={sept.},
}

@article{Herring19921173,
title = "Effects of changes in segmental values and timing of both torque and torque reversal in simulated throws",
journal = "Journal of Biomechanics",
year = "1992",
author = "R.M. Herring and A.E. Chapman"
}




@article{cross:305,
author = {Rod Cross},
collaboration = {},
title = {Physics of overarm throwing},
publisher = {AAPT},
year = {2004},
journal = {American Journal of Physics},
}

@ARTICLE{4309277,
author={Vukobratovic, Miomir},
journal={Systems, Man and Cybernetics, IEEE Transactions on},
title={How to Control Artificial Anthropomorphic Systems},
year={1973},
}

@INPROCEEDINGS{4813913,
author={Vande Weghe, M. and Ferguson, D. and Srinivasa, S.S.},
booktitle={Humanoid Robots, 2007 7th IEEE-RAS International Conference on},
title={Randomized path planning for redundant manipulators without inverse kinematics},
year={2007},
month={dec.},
}

@INPROCEEDINGS{4048118,
author={W. A. Wolovich and H. Elliott},
booktitle={Decision and Control, 1984. The 23rd IEEE Conference on},
title={A computational technique for inverse kinematics},
year={1984},
month={dec. },
}

@INPROCEEDINGS{6094987,
author={Grunberg, David K. and Lofaro, Daniel M. and Oh, Paul Y. and Kim, Youngmoo E.},
booktitle={Intelligent Robots and Systems (IROS), 2011 IEEE/RSJ International Conference on},
title={Robot audition and beat identification in noisy environments},
year={2011},
month={sept.},
}


@INPROCEEDINGS{5686847,
author={Lofaro, D.M. and Oh, P. and JunHo Oh and Youngmoo Kim},
booktitle={Humanoid Robots (Humanoids), 2010 10th IEEE-RAS International Conference on},
title={Interactive musical participation with humanoid robots through the use of novel musical tempo and beat tracking techniques in the absence of auditory cues},
year={2010},
month={dec.},
}

@INPROCEEDINGS{5928689,
author={Kim, Y.E. and Grunberg, D.K. and Batula, A.M. and Lofaro, D.M. and JunHo Oh and Oh, P.Y.},
booktitle={Collaboration Technologies and Systems (CTS), 2011 International Conference on},
title={Enabling humanoid musical interaction and performance},
year={2011},
month={may},
}




@INPROCEEDINGS{5686325,
author={Ellenberg, R. and Sherbert, R. and Oh, P.Y. and Alspach, A. and Gross, R.J. and JunHo Oh},
booktitle={Humanoid Robots, 10th IEEE-RAS International Conference on},
title={A common interface for humanoid simulation and hardware},
year={2010},
}

@INPROCEEDINGS{5686276,
author={Youngbum Jun and Ellenberg, R. and Oh, P.},
booktitle={Humanoid Robots, 10th IEEE-RAS International Conference on},
title={Realization of miniature humanoid for obstacle avoidance with real-time ZMP preview control used for full-sized humanoid},
year={2010},
month={dec.},
}


@INPROCEEDINGS{5379582,
author={Ellenberg, R. and Grunberg, D. and Oh, P.Y. and Youngmoo Kim},
booktitle={Humanoid Robots, 9th IEEE-RAS International Conference on},
title={Using miniature humanoids as surrogate research platforms},
year={2009},
month={dec.},
}



@InProceedings{schaal01/BIRG,
   affiliation = {EPFL},
   author      = {Schaal, S. and Vijayakumar, S. and D'Souza, S. and
                 Ijspeert, A.J. and Nakanishi, J.},
   booktitle   = {International {S}ymposium of {R}obotics {R}esearch ({ISRR}01)},
   publisher   = {Springer},
   status      = {PUBLISHED},
   title       = {Real-time statistical learning for robotics and human augmentation},
   unit        = {BIOROB},
   year        = 2001
}

@INPROCEEDINGS{6094892,
author={Wang, Zhikun and Lampert, Christoph H. and Mulling, Katharina and Scholkopf, Bernhard and Peters, Jan},
booktitle={Intelligent Robots and Systems (IROS), 2011 IEEE/RSJ International Conference on},
title={Learning anticipation policies for robot table tennis},
year={2011},
month={sept.},
}

@INPROCEEDINGS{6094757,
author={Haddadin, Sami and Krieger, Kai and Kunze, Mirko and Albu-Schaffer, Alin},
booktitle={Intelligent Robots and Systems (IROS), 2011 IEEE/RSJ International Conference on},
title={Exploiting potential energy storage for cyclic manipulation: An analysis for elastic dribbling with an anthropomorphic robot},
year={2011},
month={sept.},
}


@INPROCEEDINGS{5649335,
author={JwuSheng Hu and MingChih Chien and YungJung Chang and ShyhHaur Su and ChenYu Kai},
booktitle={Intelligent Robots and Systems (IROS), 2010 IEEE/RSJ International Conference on},
title={A ball-throwing robot with visual feedback},
year={2010},
}

@INPROCEEDINGS{dlofaro-srm,
author={Lofaro, D. and Ellenberg, R. and Oh, P. and JunHo Oh},
booktitle={Intelligent Robots and Systems (IROS), 2012 IEEE/RSJ International Conference on},
title={Humanoid Throwing: Design of Collision-Free Trajectories with Sparse Reachable Maps},
year={2012},
month={oct.},
}

@ARTICLE{Fleisig1996,
  author = {S. Fleisig and R. F. Escamilla and J. R. Andrews and T. Matsuo and Y. Satterwhite and S. W. Barrentine},
  title = {Kinematic and kinetic comparison between baseball pitching and football passing},
  journal = {Journal of Applied Biomechanics},
  year = {1996},
}





@ARTICLE{barrentiine1998,
  author = {W. Barrentine and T. Matsuo and R. F. Escamilla and G. S. Fleisig and J. R. Andrews},
  title = {Kinematic analysis of the wrist and forearm during baseball pitching},
  journal = {Journal of Applied Biomechanics},
  year = {1998},
  month = {jan },
}

@ARTICLE{Mochizuki1998,
  author = {Y. Mochizuki and T. Matsumoto and S. Inokuchi and K. Omura},
  title = {Computer simulation of the effect of ball mass and shape to upper limb in baseball pitching},
  journal = {Theoretical and Applied Mechanics},
  year = {1998},
}


@ARTICLE{Akira1999,
  author = {Akira Uesaki and Yoshiyuki Mochizuki and Tomoyuki Matsuo and Ken Hashizume and Koichi Omura and Seiji Inokuchi},
  title = {Computer simulation for dynamics analysis of pedaling motion on lower limbs in a racing cycle},
  journal = {Theoretical and Applied Mechanics},
  year = {1999},
}

@ARTICLE{an1984,
  author = {An, K.},
  title = {Kinematic analysis of human movement},
  journal = {Annals of Biomedical Engineering},
  year = {1984},
}


@INPROCEEDINGS{5937342,
author={Mirabella, O. and Raucea, A. and Fisichella, F. and Gentile, L.},
booktitle={Human System Interactions (HSI), 2011 4th International Conference on}, title={A motion capture system for sport training and rehabilitation},
year={2011},
month={may},
}

@CONFERENCE{Polland2002,
  author = {S.Pollard and J. Hondgins and M.J.Riley and C. Atkeson},
  title = {Adapting human motion for the control of a humanoid robot},
  booktitle = {In Proc. of IEEE International Conference on Robotics and Automation},
  year = {2002},
}

@INPROCEEDINGS{1545060,
author={Qiang Huang and Zhaoqin Peng and Weimin Zhang and Lige Zhang and Kejie Li},
booktitle={Intelligent Robots and Systems, 2005. (IROS 2005). 2005 IEEE/RSJ International Conference on}, title={Design of humanoid complicated dynamic motion based on human motion capture},
year={2005},
month={aug.},
}

@ARTICLE{5756898,
author={Gaertner, Stefan and Do, Martin and Asfour, Tamim and Dillmann, Ruediger and Simonidis, Christian and Seemann, Wolfgang},
journal={Robotics (ISR), 2010 41st International Symposium on and 2010 6th German Conference on Robotics (ROBOTIK)}, title={Generation of Human-like Motion for Humanoid Robots Based on Marker-based Motion Capture Data},
year={2010},
month={june},
}


@ONLINE{mlbrules,
author = {
Sandy Alderson and
Brian Gorman and
John Schuerholz and
Bob Beban and
John McHale, Jr.  and
Jimmie Lee Solomon  and
Rod Carew  and
Terry Ryan  and
Bill Stoneman
},
title = {Official Rules of Major League Baseball},
month = Jun,
year = {2012},
url = {http://mlb.mlb.com/mlb/official\_info/official\_rules/foreword.jsp}
}

@article{Vukobratovic19721,
title = "On the stability of anthropomorphic systems",
journal = "Mathematical Biosciences",
year = "1972",
author = "M. Vukobratovic and J. Stepanenko"
}

@INPROCEEDINGS{5379574,
author={Baek-Kyu Cho and Sang-Sin Park and Jun-ho Oh},
booktitle={Humanoid Robots, 2009. Humanoids 2009. 9th IEEE-RAS International Conference on}, title={Controllers for running in the humanoid robot, HUBO},
year={2009},
month={dec.},
}


@INPROCEEDINGS{lofaroURAI,
author={Lofaro, D. and Oh, P.},
booktitle={Humanoid Throws Inaugural Pitch at Major League Baseball Game: Challenges, Approach, Implementation and Lessons Learned},
year={2012},
month={nov.},
}

